@article{Frost1960,
	author = {Harold L. Frost},
	issue = {1},
	journal = {Henry Ford Hospital Medical Bulletin},
	pages = {25-35},
	title = {Presence of Microscopic Cracks in vivo in Bone},
	volume = {8},
	year = {1960},
}

@article{Burr1990,
	author = {D.B. Burr and T. Stafford},
	journal = {Clin Orthop Relat Res},
	pages = {305-308},
	title = {Validity of the bulk-staining technique to separate artifactual from in vivo bone microdamage},
	volume = {260},
	year = {1990},
}

@article{Lee1998,
	author = {T. C. Lee and E. R. Myers and W. C. Hayes},
	isbn = {0035314022264},
	journal = {J. Anat},
	pages = {179-184},
	title = {Fluorescence-aided detection of microdamage in compact bone},
	volume = {193},
	year = {1998},
}

@article{Lee2003,
	author = {T. C. Lee and S. Mohsin and D. Taylor and R. Parkesh and T. Gunnlaugsson and F. J. O'brien and M. Giehl and W. Gowin},
	journal = {J. Anat},
	keywords = {bone,detection,fatigue,fluorescence,microcracks,microdamage},
	pages = {161-172},
	title = {Detecting microdamage in bone},
	volume = {203},
	year = {2003},
}

@article{BurtPichat2011,
	author = {Brigitte Burt-Pichat and Hélène Follet and Gwendoline Toulemonde and Monique Arlot and Pierre Delmas and Roland Chapurlat},
	issue = {6},
	journal = {Journal of Bone and Mineral Metabolism},
	keywords = {Ewe iliac crest,Fluorescent labels,Human trabecular bone,Microdamage},
	pages = {756-764},
	title = {Methodological approach for the detection of both microdamage and fluorochrome labels in ewe bone and human trabecular bone},
	volume = {29},
	year = {2011},
}
